%YAML 1.1
%TAG !u! tag:unity3d.com,2011:
--- !u!114 &1233063772235825245
MonoBehaviour:
  m_ObjectHideFlags: 0
  m_CorrespondingSourceObject: {fileID: 0}
  m_PrefabInstance: {fileID: 0}
  m_PrefabAsset: {fileID: 0}
  m_GameObject: {fileID: 8424141403000450569}
  m_Enabled: 1
  m_EditorHideFlags: 0
  m_Script: {fileID: 11500000, guid: 099634d0458e4f369b10e0cc27a4a7e8, type: 3}
  m_Name: 
  m_EditorClassIdentifier: 
--- !u!114 &2819529358292543427
MonoBehaviour:
  m_ObjectHideFlags: 0
  m_CorrespondingSourceObject: {fileID: 0}
  m_PrefabInstance: {fileID: 0}
  m_PrefabAsset: {fileID: 0}
  m_GameObject: {fileID: 8424141403000450569}
  m_Enabled: 1
  m_EditorHideFlags: 0
  m_Script: {fileID: 11500000, guid: 1cd3ab8118c0b07459259ad4cd25b2ea, type: 3}
  m_Name: 
  m_EditorClassIdentifier: 
  targetRenderer: {fileID: 2268685644233936527}
  flickerColor: {r: 1, g: 0, b: 0, a: 1}
  flickerSpeed: 4
--- !u!114 &3302467980010400622
MonoBehaviour:
  m_ObjectHideFlags: 0
  m_CorrespondingSourceObject: {fileID: 0}
  m_PrefabInstance: {fileID: 0}
  m_PrefabAsset: {fileID: 0}
  m_GameObject: {fileID: 8424141403000450569}
  m_Enabled: 1
  m_EditorHideFlags: 0
  m_Script: {fileID: 11500000, guid: 04068e9f11d9e5648848388ac3ef2f70, type: 3}
  m_Name: 
  m_EditorClassIdentifier: 
  moveSpeed: 7
--- !u!114 &3703387825145701901
MonoBehaviour:
  m_ObjectHideFlags: 0
  m_CorrespondingSourceObject: {fileID: 0}
  m_PrefabInstance: {fileID: 0}
  m_PrefabAsset: {fileID: 0}
  m_GameObject: {fileID: 8424141403000450569}
  m_Enabled: 1
  m_EditorHideFlags: 0
  m_Script: {fileID: 11500000, guid: fe9e3586895721d409d040e47b8739ad, type: 3}
  m_Name: 
  m_EditorClassIdentifier: 
  healthMax: 100
--- !u!114 &4399488495623557577
MonoBehaviour:
  m_ObjectHideFlags: 0
  m_CorrespondingSourceObject: {fileID: 0}
  m_PrefabInstance: {fileID: 0}
  m_PrefabAsset: {fileID: 0}
  m_GameObject: {fileID: 8424141403000450569}
  m_Enabled: 1
  m_EditorHideFlags: 0
  m_Script: {fileID: 11500000, guid: cfe21f4482df1e642882b8a7da7f55a6, type: 3}
  m_Name: 
  m_EditorClassIdentifier: 
  health: {fileID: 3703387825145701901}
  componentsToDisable: []
  objectsToDisable:
  - {fileID: 1389536727972611022}
--- !u!114 &5849574254685534316
MonoBehaviour:
  m_ObjectHideFlags: 0
  m_CorrespondingSourceObject: {fileID: 0}
  m_PrefabInstance: {fileID: 0}
  m_PrefabAsset: {fileID: 0}
  m_GameObject: {fileID: 8424141403000450569}
  m_Enabled: 1
  m_EditorHideFlags: 0
  m_Script: {fileID: 11500000, guid: 310498cc89ec96b409b72a402f7cdac8, type: 3}
  m_Name: 
  m_EditorClassIdentifier: 
  health: {fileID: 3703387825145701901}
  flicker: {fileID: 2819529358292543427}
--- !u!114 &7383599329287086258
MonoBehaviour:
  m_ObjectHideFlags: 0
  m_CorrespondingSourceObject: {fileID: 0}
  m_PrefabInstance: {fileID: 0}
  m_PrefabAsset: {fileID: 0}
  m_GameObject: {fileID: 8424141403000450569}
  m_Enabled: 1
  m_EditorHideFlags: 0
  m_Script: {fileID: 11500000, guid: 388651b182da45642af41973a8392b18, type: 3}
  m_Name: 
  m_EditorClassIdentifier: 
  updateType: 0
  movable: {fileID: 3302467980010400622}
--- !u!114 &6167075370482918874
MonoBehaviour:
  m_ObjectHideFlags: 0
  m_CorrespondingSourceObject: {fileID: 0}
  m_PrefabInstance: {fileID: 0}
  m_PrefabAsset: {fileID: 0}
  m_GameObject: {fileID: 8424141403000450569}
  m_Enabled: 1
  m_EditorHideFlags: 0
  m_Script: {fileID: 11500000, guid: b642fe90b21e4038a9f332dde710e5da, type: 3}
  m_Name: 
  m_EditorClassIdentifier: 
  playerHealth: {fileID: 3703387825145701901}
--- !u!50 &4105901557477702810
Rigidbody2D:
  serializedVersion: 4
  m_ObjectHideFlags: 0
  m_CorrespondingSourceObject: {fileID: 0}
  m_PrefabInstance: {fileID: 0}
  m_PrefabAsset: {fileID: 0}
  m_GameObject: {fileID: 1389536727972611022}
  m_BodyType: 1
  m_Simulated: 1
  m_UseFullKinematicContacts: 0
  m_UseAutoMass: 0
  m_Mass: 1
  m_LinearDrag: 0
  m_AngularDrag: 0.05
  m_GravityScale: 1
  m_Material: {fileID: 0}
  m_Interpolate: 0
  m_SleepingMode: 1
  m_CollisionDetection: 0
  m_Constraints: 0
--- !u!58 &2673860343056973824
CircleCollider2D:
  m_ObjectHideFlags: 0
  m_CorrespondingSourceObject: {fileID: 0}
  m_PrefabInstance: {fileID: 0}
  m_PrefabAsset: {fileID: 0}
  m_GameObject: {fileID: 1389536727972611022}
  m_Enabled: 1
  m_Density: 1
  m_Material: {fileID: 0}
  m_IsTrigger: 1
  m_UsedByEffector: 0
  m_UsedByComposite: 0
  m_Offset: {x: 0, y: 0}
  serializedVersion: 2
  m_Radius: 0.099999994
--- !u!114 &241484422800134632
MonoBehaviour:
  m_ObjectHideFlags: 0
  m_CorrespondingSourceObject: {fileID: 0}
  m_PrefabInstance: {fileID: 0}
  m_PrefabAsset: {fileID: 0}
  m_GameObject: {fileID: 1389536727972611022}
  m_Enabled: 1
  m_EditorHideFlags: 0
  m_Script: {fileID: 11500000, guid: 1bf38440df834682ad63287676c6dcd9, type: 3}
  m_Name: 
  m_EditorClassIdentifier: 
  rootObject: {fileID: 8424141403000450569}
--- !u!1001 &1897970188128286159
PrefabInstance:
  m_ObjectHideFlags: 0
  serializedVersion: 2
  m_Modification:
    m_TransformParent: {fileID: 0}
    m_Modifications:
    - target: {fileID: 7979954324139301830, guid: 7a68f9796ace9db4b827ae2ee2267671,
        type: 3}
      propertyPath: m_Name
      value: Player Demo
      objectReference: {fileID: 0}
    - target: {fileID: 7167919057652719224, guid: 7a68f9796ace9db4b827ae2ee2267671,
        type: 3}
      propertyPath: m_LocalPosition.x
      value: 0
      objectReference: {fileID: 0}
    - target: {fileID: 7167919057652719224, guid: 7a68f9796ace9db4b827ae2ee2267671,
        type: 3}
      propertyPath: m_LocalPosition.y
      value: 0
      objectReference: {fileID: 0}
    - target: {fileID: 7167919057652719224, guid: 7a68f9796ace9db4b827ae2ee2267671,
        type: 3}
      propertyPath: m_LocalPosition.z
      value: 0
      objectReference: {fileID: 0}
    - target: {fileID: 7167919057652719224, guid: 7a68f9796ace9db4b827ae2ee2267671,
        type: 3}
      propertyPath: m_LocalRotation.x
      value: 0
      objectReference: {fileID: 0}
    - target: {fileID: 7167919057652719224, guid: 7a68f9796ace9db4b827ae2ee2267671,
        type: 3}
      propertyPath: m_LocalRotation.y
      value: 0
      objectReference: {fileID: 0}
    - target: {fileID: 7167919057652719224, guid: 7a68f9796ace9db4b827ae2ee2267671,
        type: 3}
      propertyPath: m_LocalRotation.z
      value: 0
      objectReference: {fileID: 0}
    - target: {fileID: 7167919057652719224, guid: 7a68f9796ace9db4b827ae2ee2267671,
        type: 3}
      propertyPath: m_LocalRotation.w
      value: 1
      objectReference: {fileID: 0}
    - target: {fileID: 7167919057652719224, guid: 7a68f9796ace9db4b827ae2ee2267671,
        type: 3}
      propertyPath: m_RootOrder
      value: 0
      objectReference: {fileID: 0}
    - target: {fileID: 7167919057652719224, guid: 7a68f9796ace9db4b827ae2ee2267671,
        type: 3}
      propertyPath: m_LocalEulerAnglesHint.x
      value: 0
      objectReference: {fileID: 0}
    - target: {fileID: 7167919057652719224, guid: 7a68f9796ace9db4b827ae2ee2267671,
        type: 3}
      propertyPath: m_LocalEulerAnglesHint.y
      value: 0
      objectReference: {fileID: 0}
    - target: {fileID: 7167919057652719224, guid: 7a68f9796ace9db4b827ae2ee2267671,
        type: 3}
      propertyPath: m_LocalEulerAnglesHint.z
      value: 0
      objectReference: {fileID: 0}
    m_RemovedComponents: []
  m_SourcePrefab: {fileID: 100100000, guid: 7a68f9796ace9db4b827ae2ee2267671, type: 3}
--- !u!1 &8424141403000450569 stripped
GameObject:
  m_CorrespondingSourceObject: {fileID: 7979954324139301830, guid: 7a68f9796ace9db4b827ae2ee2267671,
    type: 3}
  m_PrefabInstance: {fileID: 1897970188128286159}
  m_PrefabAsset: {fileID: 0}
--- !u!1 &1389536727972611022 stripped
GameObject:
  m_CorrespondingSourceObject: {fileID: 657052335905732097, guid: 7a68f9796ace9db4b827ae2ee2267671,
    type: 3}
  m_PrefabInstance: {fileID: 1897970188128286159}
  m_PrefabAsset: {fileID: 0}
--- !u!212 &2268685644233936527 stripped
SpriteRenderer:
  m_CorrespondingSourceObject: {fileID: 372967840040188736, guid: 7a68f9796ace9db4b827ae2ee2267671,
    type: 3}
  m_PrefabInstance: {fileID: 1897970188128286159}
  m_PrefabAsset: {fileID: 0}
